% Encoding: UTF-8

@Book{bib:Salsa,
  title         = {Partial Differential Equations in Action},
  publisher     = {Springer},
  year          = {2015},
  author        = {Salsa, Sandro},
  __markedentry = {[losacademycos:1]},
}

@Book{bib:Spivak,
  title     = {Calculus},
  publisher = {Cambridge University Press},
  year      = {2006},
  author    = {Spivak, M.},
}

@Book{bib:MurrayI,
  title         = {Mathematical Biology: I. An Introduction},
  publisher     = {Spriger},
  year          = {2002},
  author        = {Murray, J.},
  __markedentry = {[losacademycos:1]},
  groups        = {Modelado},
}

@Book{bib:MurrayII,
  title         = {Mathematical Biology: II. Spatial Models and Biomedical Applications.},
  publisher     = {Springer},
  year          = {2003},
  author        = {Murray, J.},
  __markedentry = {[losacademycos:1]},
  groups        = {Modelado},
}

@Book{bib:Rudin,
  title     = {Principles of Mathematical Analysis},
  publisher = {Mc-Graw-Hill},
  year      = {1976},
  author    = {Rudin, W.},
}

@Book{bib:Berg,
  title     = {Random Walks in Biology},
  publisher = {Princeton University Press},
  year      = {1977},
  author    = {Berg, Howard C.},
}

@Book{bib:Kreyszig,
  title     = {Introductory Functional Analysis with Applications},
  publisher = {John Wiley \& Sons},
  year      = {1978},
  author    = {Kreyszig, Erwin.},
  groups    = {Funcional},
}

@Book{bib:Iorio,
  title     = {Fourier Analysis and Partial Differential Equations},
  publisher = {Cambridge University Press},
  year      = {2001},
  author    = {Iorio, R. and Val\'eria.},
  groups    = {Funcional},
}

@Book{bib:ProbabilidadLiliana,
  title     = {Probabilidad},
  publisher = {Universidad Nacional de Colombia},
  year      = {2010},
  author    = {Blanco, Liliana},
}

@Book{bib:EstocasticosRincon,
  title     = {Introducción a los procesos estocásticos},
  publisher = {Univesidad Nacional Autónoma de México},
  year      = {2012},
  author    = {Rincón, Luis},
}

@Book{bib:Monsalve,
  title     = {Optimización y sistemas dinámicos},
  publisher = {Universidad Nacional de Colombia},
  year      = {2017},
  author    = {Monsalve, Sergio and Omer Ozak.},
}

@Comment{jabref-meta: databaseType:bibtex;}

@Comment{jabref-meta: groupstree:
0 AllEntriesGroup:;
1 ExplicitGroup:Modelado\;0\;;
1 ExplicitGroup:Ecuaciones diferenciales\;0\;;
1 ExplicitGroup:Funcional\;0\;;
}
