@misc{ bib:exampleReference,
       author = "Someboy",
       title = "Article",
       year = "2006" 
}
